@article{dorigo.1992,
author = {Marco Dorigo},
title = {Optimization, Learning and Natural Algorithms},
year = {1992},
}

@article{murray.2015,
  title={The flying sidekick traveling salesman problem: Optimization of drone-assisted parcel delivery},
  author={Murray, Chase C and Chu, Amanda G},
  journal={Transportation Research Part C: Emerging Technologies},
  volume={54},
  pages={86--109},
  year={2015},
  publisher={Elsevier}
}

@article{stolaroff.2014,
  title={The Need for a Life Cycle Assessment of Drone-Based Commercial Package Delivery},
  author={Stolaroff, JK},
  journal={Livermore, CA: Lawrence Livermore National Laboratory},
  year={2014}
}

@inproceedings{johnson.2001,
  title={Use of flight simulation to complement flight testing of low-cost UAVs},
  author={Johnson, E and Fontaine, S{\'e}bastien},
  booktitle={AIAA Modeling and Simulation Technologies Conference},
  year={2001}
}

@inproceedings{lu.2011,
  title={Real-time simulation system for UAV based on Matlab/Simulink},
  author={Lu, Peng and Geng, Qingbo},
  booktitle={Computing, Control and Industrial Engineering (CCIE), 2011 IEEE 2nd International Conference on},
  volume={1},
  pages={399--404},
  year={2011},
  organization={IEEE}
}

@inproceedings{jang.2005,
  title={An actor-based simulation for studying UAV coordination},
  author={Jang, Myeong-Wuk and Reddy, Smitha and Tosic, Predrag and Chen, Liping and Agha, Gul},
  booktitle={15th European Simulation Symposium},
  pages={323},
  year={2005}
}

@inproceedings{rasmussen.2003,
  title={A multiple UAV simulation for researchers},
  author={Rasmussen, Steven and Mitchell, Jason and Schulz, Chris and Schumacher, Corey and Chandler, Phillip},
  booktitle={AIAA Modeling and Simulation Technologies Conference and Exhibit},
  pages={5684},
  year={2003}
}

@InProceedings{masad.2015,
  author    = { {D}avid {M}asad and {J}acqueline {K}azil },
  title     = { {M}esa: {A}n {A}gent-{B}ased {M}odeling {F}ramework },
  booktitle = { {P}roceedings of the 14th {P}ython in {S}cience {C}onference },
  pages     = { 53 - 60 },
  year      = { 2015 },
  editor    = { {K}athryn {H}uff and {J}ames {B}ergstra }
}

@article{axtell.2000,
  title={Why agents?: on the varied motivations for agent computing in the social sciences},
  author={Axtell, Robert},
  year={2000},
  journal={Workshop on Agent Simulation:
Applications, Models, and Tools},
  publisher={Center on Social and Economic Dynamics Brookings Institution},
}

@article{bekmezci.2013,
  title={Flying ad-hoc networks (FANETs): A survey},
  author={Bekmezci, Ilker and Sahingoz, Ozgur Koray and Temel, {\c{S}}amil},
  journal={Ad Hoc Networks},
  volume={11},
  number={3},
  pages={1254--1270},
  year={2013},
  publisher={Elsevier},
}

@article{hart.1968,
  title={A formal basis for the heuristic determination of minimum cost paths},
  author={Hart, Peter E and Nilsson, Nils J and Raphael, Bertram},
  journal={IEEE transactions on Systems Science and Cybernetics},
  volume={4},
  number={2},
  pages={100--107},
  year={1968},
  publisher={IEEE}
}
